<record><leader>00000cas a22000007a 4500</leader><controlfield tag="001">11489238</controlfield><controlfield tag="008">841213d19651968wiuwr ne      0    0eng d</controlfield><datafield ind1=" " ind2=" " tag="010"><subfield code="a">sn 84025632 </subfield></datafield><datafield ind1=" " ind2=" " tag="040"><subfield code="a">NPV</subfield><subfield code="b">eng</subfield><subfield code="c">NPV</subfield><subfield code="d">OCLCQ</subfield></datafield><datafield ind1=" " ind2=" " tag="042"><subfield code="a">msc</subfield></datafield><datafield ind1=" " ind2=" " tag="043"><subfield code="a">n-us-wi</subfield></datafield><datafield ind1=" " ind2=" " tag="045"><subfield code="a">x6uu</subfield></datafield><datafield ind1=" " ind2=" " tag="052"><subfield code="a">4123</subfield><subfield code="b">M6</subfield></datafield><datafield ind1="0" ind2="0" tag="245"><subfield code="a">Greenfield Greendale woman and guardian.</subfield></datafield><datafield ind1=" " ind2=" " tag="260"><subfield code="a">Hales Corners, Wis. :</subfield><subfield code="b">L.T. Kreutzig,</subfield><subfield code="c">1965-</subfield></datafield><datafield ind1=" " ind2=" " tag="300"><subfield code="a">v. :</subfield><subfield code="b">ill.</subfield></datafield><datafield ind1=" " ind2=" " tag="310"><subfield code="a">Weekly</subfield></datafield><datafield ind1="0" ind2=" " tag="362"><subfield code="a">Vol. 3, no. 3 (Oct. 28, 1965)-</subfield></datafield><datafield ind1="1" ind2=" " tag="362"><subfield code="a">Ceased in 1968?</subfield><subfield code="z">Cf. Ayer 1968.</subfield></datafield><datafield ind1=" " ind2=" " tag="500"><subfield code="a">Published in Hales Corners for distribution in Greenfield and Greendale.</subfield></datafield><datafield ind1=" " ind2=" " tag="500"><subfield code="a">"Southeastern Wisconsin Quality Newspapers."</subfield></datafield><datafield ind1=" " ind2=" " tag="500"><subfield code="a">Editor: L.T. Kreutzig.</subfield></datafield><datafield ind1=" " ind2=" " tag="530"><subfield code="a">Available on microfilm from the State Historical Society of Wisconsin.</subfield></datafield><datafield ind1=" " ind2=" " tag="752"><subfield code="a">United States</subfield><subfield code="b">Wisconsin</subfield><subfield code="c">Milwaukee</subfield><subfield code="d">Greenfield.</subfield></datafield><datafield ind1=" " ind2=" " tag="752"><subfield code="a">United States</subfield><subfield code="b">Wisconsin</subfield><subfield code="c">Milwaukee</subfield><subfield code="d">Greendale.</subfield></datafield><datafield ind1=" " ind2=" " tag="752"><subfield code="a">United States</subfield><subfield code="b">Wisconsin</subfield><subfield code="c">Milwaukee</subfield><subfield code="d">Hales Corners.</subfield></datafield><datafield ind1="0" ind2="0" tag="780"><subfield code="t">Greenfield Greendale guardian</subfield><subfield code="w">(DLC)sn 84025631</subfield></datafield><datafield ind1="1" ind2=" " tag="029"><subfield code="a">AU@</subfield><subfield code="b">000025836708</subfield></datafield></record>